[gd_scene load_steps=23 format=2]

[ext_resource path="res://Map/Room.gd" type="Script" id=1]
[ext_resource path="res://Assets/wall_north.png" type="Texture" id=2]
[ext_resource path="res://Assets/wall_west.png" type="Texture" id=3]
[ext_resource path="res://Assets/wall_south.png" type="Texture" id=4]
[ext_resource path="res://Assets/wall_east.png" type="Texture" id=5]
[ext_resource path="res://Assets/door.png" type="Texture" id=6]
[ext_resource path="res://Map/Exit.gd" type="Script" id=7]

[sub_resource type="RectangleShape2D" id=2]
extents = Vector2( 17.5, 505 )

[sub_resource type="AtlasTexture" id=3]
atlas = ExtResource( 6 )
region = Rect2( 0, 0, 102, 35 )

[sub_resource type="RectangleShape2D" id=4]
extents = Vector2( 17.5, 227 )

[sub_resource type="RectangleShape2D" id=1]
extents = Vector2( 960, 17.5 )

[sub_resource type="AtlasTexture" id=5]
atlas = ExtResource( 6 )
region = Rect2( 0, 0, 102, 64 )

[sub_resource type="AtlasTexture" id=6]
atlas = ExtResource( 6 )
region = Rect2( 0, 64, 102, 64 )

[sub_resource type="AtlasTexture" id=7]
atlas = ExtResource( 6 )
region = Rect2( 0, 128, 102, 64 )

[sub_resource type="AtlasTexture" id=8]
atlas = ExtResource( 6 )
region = Rect2( 0, 192, 102, 64 )

[sub_resource type="AtlasTexture" id=9]
atlas = ExtResource( 6 )
region = Rect2( 0, 256, 102, 64 )

[sub_resource type="AtlasTexture" id=10]
atlas = ExtResource( 6 )
region = Rect2( 0, 320, 102, 64 )

[sub_resource type="AtlasTexture" id=11]
atlas = ExtResource( 6 )
region = Rect2( 0, 384, 102, 64 )

[sub_resource type="AtlasTexture" id=12]
atlas = ExtResource( 6 )
region = Rect2( 0, 448, 102, 64 )

[sub_resource type="SpriteFrames" id=13]
animations = [ {
"frames": [ SubResource( 5 ), SubResource( 6 ), SubResource( 7 ), SubResource( 8 ), SubResource( 9 ), SubResource( 10 ), SubResource( 11 ), SubResource( 12 ) ],
"loop": false,
"name": "open",
"speed": 3.0
} ]

[sub_resource type="RectangleShape2D" id=14]
extents = Vector2( 25.5, 17.5 )

[sub_resource type="RectangleShape2D" id=15]
extents = Vector2( 17.5, 20 )

[node name="Room" type="Node2D"]
script = ExtResource( 1 )

[node name="wall_west" type="Sprite" parent="."]
position = Vector2( 0, 35 )
texture = ExtResource( 3 )
centered = false

[node name="StaticBody2D" type="StaticBody2D" parent="wall_west"]

[node name="CollisionShape2D" type="CollisionShape2D" parent="wall_west/StaticBody2D"]
position = Vector2( 17.5, 505 )
shape = SubResource( 2 )

[node name="Door" type="Sprite" parent="wall_west"]
position = Vector2( 0, 505 )
rotation = -1.5708
texture = SubResource( 3 )
offset = Vector2( 0, 17.5 )

[node name="wall_east" type="Sprite" parent="."]
position = Vector2( 1885, 35 )
texture = ExtResource( 5 )
centered = false

[node name="StaticBody2D" type="StaticBody2D" parent="wall_east"]

[node name="CollisionShape2D" type="CollisionShape2D" parent="wall_east/StaticBody2D"]
position = Vector2( 17.5, 227 )
shape = SubResource( 4 )

[node name="StaticBody2D2" type="StaticBody2D" parent="wall_east"]
position = Vector2( 0, 556 )

[node name="CollisionShape2D" type="CollisionShape2D" parent="wall_east/StaticBody2D2"]
position = Vector2( 17.5, 227 )
shape = SubResource( 4 )

[node name="wall_north" type="Sprite" parent="."]
texture = ExtResource( 2 )
centered = false

[node name="StaticBody2D" type="StaticBody2D" parent="wall_north"]

[node name="CollisionShape2D" type="CollisionShape2D" parent="wall_north/StaticBody2D"]
position = Vector2( 960, 17.5 )
shape = SubResource( 1 )

[node name="wall_south" type="Sprite" parent="."]
position = Vector2( 0, 1045 )
texture = ExtResource( 4 )
centered = false

[node name="StaticBody2D" type="StaticBody2D" parent="wall_south"]
position = Vector2( 0, -1045 )

[node name="CollisionShape2D" type="CollisionShape2D" parent="wall_south/StaticBody2D"]
position = Vector2( 960, 1062.5 )
shape = SubResource( 1 )

[node name="Exit" type="AnimatedSprite" parent="."]
position = Vector2( 1920, 540 )
rotation = 1.5708
frames = SubResource( 13 )
animation = "open"
offset = Vector2( 0, 32 )
script = ExtResource( 7 )

[node name="Top" type="StaticBody2D" parent="Exit"]

[node name="CollisionShape2D" type="CollisionShape2D" parent="Exit/Top"]
position = Vector2( -25.5, 17.5 )
shape = SubResource( 14 )

[node name="Bottom" type="StaticBody2D" parent="Exit"]

[node name="CollisionShape2D2" type="CollisionShape2D" parent="Exit/Bottom"]
position = Vector2( 25.5, 17.5 )
shape = SubResource( 14 )

[node name="ExitTrigger" type="Area2D" parent="."]
position = Vector2( 1920, 540 )
monitorable = false

[node name="CollisionShape2D" type="CollisionShape2D" parent="ExitTrigger"]
position = Vector2( -17.5, 0 )
shape = SubResource( 15 )
[connection signal="frame_changed" from="Exit" to="Exit" method="_on_Exit_frame_changed"]
[connection signal="body_entered" from="ExitTrigger" to="." method="_on_ExitTrigger_body_entered"]
